@book{torres2017vii,
  title={VII Latin American Congress on Biomedical Engineering CLAIB 2016, Bucaramanga, Santander, Colombia, October 26th -28th, 2016},
  author={Torres, I. and Bustamante, J. and Sierra, D.A.},
  isbn={9789811040863},
  series={IFMBE Proceedings},
  url={https://books.google.com.br/books?id=8N2fDgAAQBAJ},
  year={2017},
  publisher={Springer Singapore}
}

@book{langtangen2016primer,
	title={A Primer on Scientific Programming with Python},
	author={Langtangen, H.P.},
	isbn={9783662498873},
	series={Texts in Computational Science and Engineering},
	url={https://books.google.com.br/books?id=nUzADAAAQBAJ},
	year={2016},
	publisher={Springer Berlin Heidelberg}
}

@book{oualline2002practical,
	title={Practical C++ Programming: Programming Style Guidelines},
	author={Oualline, S.},
	isbn={9781449367169},
	url={https://books.google.com.br/books?id=--f9vH8XnMsC},
	year={2002},
	publisher={O'Reilly Media}
}

@book{stroustrup2014programming,
	title={Programming: Principles and Practice Using C++},
	author={Stroustrup, B.},
	isbn={9780133796742},
	url={https://books.google.com.br/books?id=We21AwAAQBAJ},
	year={2014},
	publisher={Pearson Education}
}

@book{stroustrup2013c++,
	title={The C++ Programming Language},
	author={Stroustrup, B.},
	isbn={9780133522853},
	url={https://books.google.com.br/books?id=PSUNAAAAQBAJ},
	year={2013},
	publisher={Pearson Education}
}

